<record><leader>00000cas a2200000 a 4500</leader><controlfield tag="001">13001948</controlfield><controlfield tag="008">860110d18831885ksuwr ne      0    0eng d</controlfield><datafield ind1=" " ind2=" " tag="010"><subfield code="a">sn 85066916 </subfield></datafield><datafield ind1=" " ind2=" " tag="040"><subfield code="a">KSH</subfield><subfield code="b">eng</subfield><subfield code="c">KSH</subfield><subfield code="d">NPT</subfield><subfield code="d">OCL</subfield><subfield code="d">OCLCQ</subfield></datafield><datafield ind1=" " ind2=" " tag="042"><subfield code="a">msc</subfield></datafield><datafield ind1="0" ind2=" " tag="130"><subfield code="a">Wyandotte chief (Wyandotte, Kan. : 1883)</subfield></datafield><datafield ind1="1" ind2="4" tag="245"><subfield code="a">The Wyandotte chief.</subfield></datafield><datafield ind1=" " ind2=" " tag="260"><subfield code="a">Wyandotte, Kan. :</subfield><subfield code="b">McBride &amp; Yates,</subfield><subfield code="c">1883-</subfield></datafield><datafield ind1=" " ind2=" " tag="300"><subfield code="a">v. :</subfield><subfield code="b">ill. ;</subfield><subfield code="c">59 cm.</subfield></datafield><datafield ind1=" " ind2=" " tag="310"><subfield code="a">Weekly</subfield></datafield><datafield ind1="0" ind2=" " tag="362"><subfield code="a">Vol. 1, no. 1 (Sept. 12, 1883)-</subfield></datafield><datafield ind1="1" ind2=" " tag="362"><subfield code="a">Ceased with May 6, 1885 issue?</subfield></datafield><datafield ind1=" " ind2=" " tag="500"><subfield code="a">Published by C.W.W. Yates, Nov. 28, 1883-</subfield></datafield><datafield ind1=" " ind2=" " tag="500"><subfield code="a">"Republican."</subfield></datafield><datafield ind1=" " ind2=" " tag="752"><subfield code="a">United States</subfield><subfield code="b">Kansas</subfield><subfield code="c">Wyandotte</subfield><subfield code="d">Wyandotte.</subfield></datafield><datafield ind1="1" ind2=" " tag="029"><subfield code="a">AU@</subfield><subfield code="b">000022170450</subfield></datafield></record>